<?xml version='1.0' encoding='utf-8'?>
<record xmlns="http://www.loc.gov/MARC21/slim" xmlns:xsi="http://www.w3.org/2001/XMLSchema-instance">
  <leader>00000ngm^a2200349^a^4500</leader>
  <controlfield tag="001">011400826</controlfield>
  <controlfield tag="005">20150123113355.0</controlfield>
  <controlfield tag="007">vd^cvaiz|</controlfield>
  <controlfield tag="008">120203s2011^^^^miu056^^^^^^^^^^^^vleng^d</controlfield>
  <datafield tag="024" ind1="1" ind2=" ">
    <subfield code="a">794504253726</subfield>
  </datafield>
  <datafield tag="035" ind1=" " ind2=" ">
    <subfield code="a">(OCoLC)774983987</subfield>
  </datafield>
  <datafield tag="035" ind1=" " ind2=" ">
    <subfield code="a">(OCoLC)ocn774983987</subfield>
  </datafield>
  <datafield tag="040" ind1=" " ind2=" ">
    <subfield code="a">WTU</subfield>
    <subfield code="c">WTU</subfield>
  </datafield>
  <datafield tag="090" ind1=" " ind2=" ">
    <subfield code="a">GV958.M43</subfield>
    <subfield code="b">B53 2011</subfield>
  </datafield>
  <datafield tag="099" ind1=" " ind2=" ">
    <subfield code="a">VIDEO-D 57124-D</subfield>
  </datafield>
  <datafield tag="245" ind1="0" ind2="0">
    <subfield code="a">Black and blue</subfield>
    <subfield code="h">[videorecording] :</subfield>
    <subfield code="b">the story of Gerald Ford, Willis Ward, and the 1934 Michigan-Georgia Tech football game /</subfield>
    <subfield code="c">Stunt3 Multimedia presents a Brian Kruger and Buddy Moorehouse film.</subfield>
  </datafield>
  <datafield tag="260" ind1=" " ind2=" ">
    <subfield code="a">[Grosse Point, MI] :</subfield>
    <subfield code="b">Stunt3 Multimedia,</subfield>
    <subfield code="c">c2011.</subfield>
  </datafield>
  <datafield tag="300" ind1=" " ind2=" ">
    <subfield code="a">1 videodisc (ca. 56 minutes) :</subfield>
    <subfield code="b">sd., col. ;</subfield>
    <subfield code="c">4 3/4 in.</subfield>
  </datafield>
  <datafield tag="538" ind1=" " ind2=" ">
    <subfield code="a">DVD, Region 1.</subfield>
  </datafield>
  <datafield tag="511" ind1="0" ind2=" ">
    <subfield code="a">Featuring Steve Ford, Tyran Steward, John U. Bacon, Richard Norton Smith, Buzz Thomas and Greg Dooley.</subfield>
  </datafield>
  <datafield tag="508" ind1=" " ind2=" ">
    <subfield code="a">Produced by Marianne Swenson and John D'Alessandra in association with Dr. Lorri Lafferty and Nancy Preble ; music by the University of Michigan Men's Glee Club.</subfield>
  </datafield>
  <datafield tag="520" ind1=" " ind2=" ">
    <subfield code="a">In 1934, Georgia Tech refused to play football against Michigan unless the team benched Willis Ward, an African American player. Ward's teammate and friend, Gerald Ford, nearly quit the team in protest. This event shaped the lives of Ward and Ford and the two formed a friendship that lasted for the rest of their lives.</subfield>
  </datafield>
  <datafield tag="500" ind1=" " ind2=" ">
    <subfield code="a">Includes cast biographies, Meet the director and writer, Where they rest, UofM Men's Glee Club.</subfield>
  </datafield>
  <datafield tag="600" ind1="1" ind2="0">
    <subfield code="a">Ward, Willis F.</subfield>
    <subfield code="q">(Willis Franklyn),</subfield>
    <subfield code="d">1912-1983.</subfield>
  </datafield>
  <datafield tag="600" ind1="1" ind2="0">
    <subfield code="a">Ford, Gerald R.,</subfield>
    <subfield code="d">1913-2006.</subfield>
  </datafield>
  <datafield tag="650" ind1=" " ind2="0">
    <subfield code="a">Discrimination in sports</subfield>
    <subfield code="z">United States.</subfield>
  </datafield>
  <datafield tag="610" ind1="2" ind2="0">
    <subfield code="a">University of Michigan</subfield>
    <subfield code="x">Football.</subfield>
  </datafield>
  <datafield tag="700" ind1="1" ind2=" ">
    <subfield code="a">Kruger, Brian.</subfield>
  </datafield>
  <datafield tag="700" ind1="1" ind2=" ">
    <subfield code="a">Moorehouse, Buddy.</subfield>
  </datafield>
  <datafield tag="710" ind1="2" ind2=" ">
    <subfield code="a">Stunt3 Multimedia.</subfield>
  </datafield>
  <datafield tag="710" ind1="2" ind2=" ">
    <subfield code="a">University of Michigan.</subfield>
    <subfield code="b">Men's Glee Club.</subfield>
  </datafield>
  <datafield tag="852" ind1="8" ind2=" ">
    <subfield code="a">MiU-H</subfield>
    <subfield code="b">BENT</subfield>
    <subfield code="h">2012070 Aa 2</subfield>
  </datafield>
  <datafield tag="997" ind1=" " ind2=" ">
    <subfield code="a">MARS</subfield>
  </datafield>
  <datafield tag="998" ind1=" " ind2=" ">
    <subfield code="c">rbixler-monorec AddCopySame20150123</subfield>
  </datafield>
  <datafield tag="998" ind1=" " ind2=" ">
    <subfield code="c">jpwagn-monorec CopyCat20120315</subfield>
  </datafield>
  <datafield tag="998" ind1=" " ind2=" ">
    <subfield code="c">Flint bas 2012-03-28</subfield>
  </datafield>
  <datafield tag="SID" ind1=" " ind2=" ">
    <subfield code="a">Z39</subfield>
    <subfield code="b">OCLC_BIB</subfield>
  </datafield>
  <datafield tag="955" ind1=" " ind2=" ">
    <subfield code="b">BENT</subfield>
    <subfield code="p">B5404083</subfield>
  </datafield>
</record>
